@article{mott2019towards,
  title={Towards Interpretable Reinforcement Learning Using Attention Augmented Agents},
  author={Mott, Alex and Zoran, Daniel and Chrzanowski, Mike and Wierstra, Daan and Rezende, Danilo J},
  journal={arXiv preprint arXiv:1906.02500},
  year={2019}
}
@article{kuttler2019torchbeast,
  title={Torchbeast: A pytorch platform for distributed rl},
  author={K{u}ttler, Heinrich and Nardelli, Nantas and Lavril, Thibaut and Selvatici, Marco and Sivakumar, Viswanath and Rockt{a}schel, Tim and Grefenstette, Edward},
  journal={arXiv preprint arXiv:1910.03552},
  year={2019}
}
@article{espeholt2018impala,
  title={Impala: Scalable distributed deep-rl with importance weighted actor-learner architectures},
  author={Espeholt, Lasse and Soyer, Hubert and Munos, Remi and Simonyan, Karen and Mnih, Volodymir and Ward, Tom and Doron, Yotam and Firoiu, Vlad and Harley, Tim and Dunning, Iain and others},
  journal={arXiv preprint arXiv:1802.01561},
  year={2018}
}
